@article{PhysRevLett.97.030801,
  title = {New Measurement of the Electron Magnetic Moment Using a One-Electron Quantum Cyclotron},
  author = {Odom, B. and Hanneke, D. and D'Urso, B. and Gabrielse, G.},
  journal = {Phys. Rev. Lett.},
  volume = {97},
  issue = {3},
  pages = {030801},
  numpages = {4},
  year = {2006},
  month = {Jul},
  publisher = {American Physical Society},
  doi = {10.1103/PhysRevLett.97.030801},
  url = {http://link.aps.org/doi/10.1103/PhysRevLett.97.030801}
}
